%% This BibTeX bibliography file was created using BibDesk.
%% http://bibdesk.sourceforge.net/


%% Created for Stefan Sobek at 2013-08-10 17:53:05 +0200 


%% Saved with string encoding Unicode (UTF-8) 



@misc{iso29002-31,
	Author = {ISO/TS 29002-31},
	Date-Added = {2013-08-10 15:42:25 +0000},
	Date-Modified = {2013-08-10 15:51:10 +0000},
	Title = {Industrial automation systems and integration --- Exchange of characteristic data - Query for characteristic data},
	Year = {2009},
	Bdsk-File-1 = {YnBsaXN0MDDUAQIDBAUGJCVYJHZlcnNpb25YJG9iamVjdHNZJGFyY2hpdmVyVCR0b3ASAAGGoKgHCBMUFRYaIVUkbnVsbNMJCgsMDxJXTlMua2V5c1pOUy5vYmplY3RzViRjbGFzc6INDoACgAOiEBGABIAFgAdccmVsYXRpdmVQYXRoWWFsaWFzRGF0YV8QLi4uLzAxX0xpdGVyYXR1ci9JU08gMjkwMDIvUGFydCAzMS9wYXJ0MDAzMS5wZGbSFwsYGVdOUy5kYXRhTxECFgAAAAACFgACAAAMTWFjaW50b3NoIEhEAAAAAAAAAAAAAAAAAAAAzckVSkgrAAAAFKmcDHBhcnQwMDMxLnBkZgAAAAAAAAAAAAAAAAAAAAAAAAAAAAAAAAAAAAAAAAAAAAAAAAAAAAAAAAAAAAAAAAAAAAAU8GXHyoUgAAAAAAAAAAAAAQAEAAAJIAAAAAAAAAAAAAAAAAAAAAdQYXJ0IDMxAAAQAAgAAM3I+SoAAAARAAgAAMfKdxAAAAABACAAFKmcABSpjAAUqYgAFKdQABSepwAFwVUABcFUAAISKQACAHxNYWNpbnRvc2ggSEQ6VXNlcnM6AHN0ZWZhbjoARG9jdW1lbnRzOgA0X1N0dWRpdW1fRmVybnVuaV9IYWdlbjoATWFzdGVyYXJiZWl0OgAwMV9MaXRlcmF0dXI6AElTTyAyOTAwMjoAUGFydCAzMToAcGFydDAwMzEucGRmAA4AGgAMAHAAYQByAHQAMAAwADMAMQAuAHAAZABmAA8AGgAMAE0AYQBjAGkAbgB0AG8AcwBoACAASABEABIAZ1VzZXJzL3N0ZWZhbi9Eb2N1bWVudHMvNF9TdHVkaXVtX0Zlcm51bmlfSGFnZW4vTWFzdGVyYXJiZWl0LzAxX0xpdGVyYXR1ci9JU08gMjkwMDIvUGFydCAzMS9wYXJ0MDAzMS5wZGYAABMAAS8AABUAAgAN//8AAIAG0hscHR5aJGNsYXNzbmFtZVgkY2xhc3Nlc11OU011dGFibGVEYXRhox0fIFZOU0RhdGFYTlNPYmplY3TSGxwiI1xOU0RpY3Rpb25hcnmiIiBfEA9OU0tleWVkQXJjaGl2ZXLRJidUcm9vdIABAAgAEQAaACMALQAyADcAQABGAE0AVQBgAGcAagBsAG4AcQBzAHUAdwCEAI4AvwDEAMwC5gLoAu0C+AMBAw8DEwMaAyMDKAM1AzgDSgNNA1IAAAAAAAACAQAAAAAAAAAoAAAAAAAAAAAAAAAAAAADVA==}}

@book{starke,
	Author = {Gernot Starke},
	Date-Added = {2013-08-10 11:32:47 +0000},
	Date-Modified = {2013-08-10 11:33:49 +0000},
	Isbn = {978-3-446-42008-3},
	Publisher = {Hanser},
	Read = {0},
	Title = {Effektive Software- Architekturen},
	Year = {2009},
	Bdsk-File-1 = {YnBsaXN0MDDUAQIDBAUGJCVYJHZlcnNpb25YJG9iamVjdHNZJGFyY2hpdmVyVCR0b3ASAAGGoKgHCBMUFRYaIVUkbnVsbNMJCgsMDxJXTlMua2V5c1pOUy5vYmplY3RzViRjbGFzc6INDoACgAOiEBGABIAFgAdccmVsYXRpdmVQYXRoWWFsaWFzRGF0YV8QPC4uLzAxX0xpdGVyYXR1ci9TdGFya2VfRWZmZWt0aXZlX1NvZnR3YXJlLSBBcmNoaXRla3R1cmVuLnBkZtIXCxgZV05TLmRhdGFPEQJgAAAAAAJgAAIAAAxNYWNpbnRvc2ggSEQAAAAAAAAAAAAAAAAAAADNyRVKSCsAAAAUqYgfU3RhcmtlX0VmZmVrdGl2ZV9Tb2YjMTgyMTRDLnBkZgAAAAAAAAAAAAAAAAAAAAAAAAAAAAAAAAAAAAAAAAAAABghTM4de6cAAAAAAAAAAAABAAIAAAkgAAAAAAAAAAAAAAAAAAAADDAxX0xpdGVyYXR1cgAQAAgAAM3I+SoAAAARAAgAAM4dX4cAAAABABgAFKmIABSnUAAUnqcABcFVAAXBVAACEikAAgB7TWFjaW50b3NoIEhEOlVzZXJzOgBzdGVmYW46AERvY3VtZW50czoANF9TdHVkaXVtX0Zlcm51bmlfSGFnZW46AE1hc3RlcmFyYmVpdDoAMDFfTGl0ZXJhdHVyOgBTdGFya2VfRWZmZWt0aXZlX1NvZiMxODIxNEMucGRmAAAOAFoALABTAHQAYQByAGsAZQBfAEUAZgBmAGUAawB0AGkAdgBlAF8AUwBvAGYAdAB3AGEAcgBlAC0AIABBAHIAYwBoAGkAdABlAGsAdAB1AHIAZQBuAC4AcABkAGYADwAaAAwATQBhAGMAaQBuAHQAbwBzAGgAIABIAEQAEgB1VXNlcnMvc3RlZmFuL0RvY3VtZW50cy80X1N0dWRpdW1fRmVybnVuaV9IYWdlbi9NYXN0ZXJhcmJlaXQvMDFfTGl0ZXJhdHVyL1N0YXJrZV9FZmZla3RpdmVfU29mdHdhcmUtIEFyY2hpdGVrdHVyZW4ucGRmAAATAAEvAAAVAAIADf//AACABtIbHB0eWiRjbGFzc25hbWVYJGNsYXNzZXNdTlNNdXRhYmxlRGF0YaMdHyBWTlNEYXRhWE5TT2JqZWN00hscIiNcTlNEaWN0aW9uYXJ5oiIgXxAPTlNLZXllZEFyY2hpdmVy0SYnVHJvb3SAAQAIABEAGgAjAC0AMgA3AEAARgBNAFUAYABnAGoAbABuAHEAcwB1AHcAhACOAM0A0gDaAz4DQANFA1ADWQNnA2sDcgN7A4ADjQOQA6IDpQOqAAAAAAAAAgEAAAAAAAAAKAAAAAAAAAAAAAAAAAAAA6w=}}

@book{expertJ2EE,
	Author = {Rod Johnson},
	Edition = {1},
	Isbn = {0-7645-4385-7},
	Publisher = {Wrox},
	Title = {Expert One-on-One J2EE Design and Development},
	Year = {2003}}

@book{proJavaSpring,
	Author = {Rod Johnson and Juergen Hoeller and Alef Arendsen andThomas Risberg and Colin Sampaleanu},
	Edition = {1},
	Isbn = {0-7645-7483-3},
	Publisher = {Wrox},
	Title = {Professional Java Development with the Spring Framework},
	Year = {2005}}

@book{beginningSpring2,
	Author = {Thomas Van de Velde and Bruce Snyder and Christian Dupuis and Sing Li and Anne Horton and and Naveen Balani},
	Edition = {1},
	Isbn = {978-0-471-10161-2},
	Publisher = {Wrox},
	Title = {Beginning Spring Framework 2},
	Year = {2008}}

@book{beginningSpringNovicePro,
	Author = {Dave Minter},
	Edition = {1},
	Isbn = {978-1-59059-685-2},
	Publisher = {Apress},
	Title = {Beginning Spring 2 From Novice to Professional},
	Year = {2008}}

@book{springAction,
	Author = {Craig Walls},
	Edition = {2},
	Isbn = {1-933988-13-4},
	Publisher = {Manning},
	Title = {Spring in Action},
	Year = {2008}}

@book{springAOP,
	Author = {Massimiliano Dessi},
	Edition = {1},
	Isbn = {978-1-847194-02-2},
	Month = {February},
	Publisher = {Packt publishing},
	Title = {Spring 2.5 Aspect-Oriented Programming},
	Year = {2010}}

@book{springSecurity,
	Author = {Peter Mularien},
	Edition = {1},
	Isbn = {978-1-847199-74-4},
	Month = {May},
	Publisher = {Packt publishing},
	Title = {Spring Security 3},
	Year = {2009}}

@book{componentProgramming,
	Author = {A. J. A. Wang and Kai Qian},
	Edition = {1},
	Isbn = {0-471-64446-3},
	Publisher = {Wiley},
	Title = {Component-Oriented Programming},
	Year = {2005}}

@book{springRecipes,
	Author = {Josh Long and Gary Mak},
	Edition = {1},
	Isbn = {978-1-4302-2497-6},
	Publisher = {Apress},
	Title = {Spring Enterprise Recipes},
	Year = {2009}}

@book{sommerville,
	Author = {Ian Sommerville},
	Edition = {6},
	Isbn = {3-8273-7001-9},
	Publisher = {Addison-Wesley},
	Title = {Software Engineering},
	Year = {2001}}

@book{componentSoftware,
	Author = {Clemens Szyperski},
	Edition = {2},
	Isbn = {0-201-74572-0},
	Publisher = {Pearson Education Limited},
	Title = {Component Software},
	Year = {2002}}

@misc{moderneProgrammiertechniken,
	Author = {F. Steimann},
	Howpublished = {Universit{\"a}tskurs},
	Note = {Kurs 01853 - Fernuniversitaet in Hagen},
	Title = {Moderne Programmiertechniken und -methoden},
	Year = {2009}}

@misc{springReference,
	Author = {Rod Johnson and Juergen Holler and Keith Donald and Colin Sampalenanu},
	Howpublished = {Webseite},
	Note = {Verf{\"u}gbar online unter: \url{http://static.springsource.org/spring/docs/3.0.x/spring-framework-reference/html/}; Stand: 22.12.2010},
	Title = {Spring Reference Documentation},
	Year = {2010}}
